<?xml version="1.0" encoding="UTF-8"?><collection xmlns="http://www.loc.gov/MARC21/slim"><record><leader>00562nam--2200193-i-4500</leader><controlfield tag="001">000002435</controlfield><controlfield tag="002">20161230</controlfield><controlfield tag="005">20170209172149</controlfield><controlfield tag="008">060222s1000------------r-----000-0-ger-d</controlfield><datafield ind1=" " ind2=" " tag="040"><subfield code="a">IFIN-HH</subfield></datafield><datafield ind1=" " ind2=" " tag="041"><subfield code="a">ger</subfield></datafield><datafield ind1=" " ind2=" " tag="080"><subfield code="a">530.1</subfield></datafield><datafield ind1="1" ind2=" " tag="100"><subfield code="a">Fierz, W</subfield></datafield><datafield ind1="1" ind2="0" tag="245"><subfield code="a">Theoretical physics in the twentieth century. A memorial volume to Wolfgang Pauli</subfield><subfield code="c">M. Fierz, V.F. Weisskopf (eds.)</subfield></datafield><datafield ind1=" " ind2=" " tag="260"><subfield code="a">New York</subfield><subfield code="b">Interscience Publishers Inc</subfield><subfield code="c">1969</subfield></datafield><datafield ind1=" " ind2=" " tag="300"><subfield code="a">X+328 p</subfield></datafield><datafield ind1="1" ind2=" " tag="700"><subfield code="a">Weisskopf, Victor F</subfield><subfield code="e">ed</subfield></datafield><datafield ind1=" " ind2=" " tag="852"><subfield code="a">16501</subfield><subfield code="c">530.1</subfield></datafield><datafield ind1=" " ind2=" " tag="CAT"><subfield code="a">SYS</subfield><subfield code="c">20170209</subfield><subfield code="h">172149</subfield></datafield></record></collection>